<?xml version="1.0" encoding="UTF-8"?><collection xmlns="http://www.loc.gov/MARC21/slim"><record><leader>00482nam--2200157-i-4500</leader><controlfield tag="001">000010848</controlfield><controlfield tag="002">20161230</controlfield><controlfield tag="005">20170208155355</controlfield><controlfield tag="008">060222s1000------------r-----000-0-eng-d</controlfield><datafield ind1=" " ind2=" " tag="100"><subfield code="a">Dimofte, Florin</subfield></datafield><datafield ind1=" " ind2=" " tag="245"><subfield code="a">Echipamente de culegere a datelor off-linie si on-linie</subfield></datafield><datafield ind1=" " ind2=" " tag="260"><subfield code="a">Bucuresti</subfield><subfield code="b">Institutul National De Informare Si Documentare Stiintifica Si Tehnica</subfield><subfield code="c">1973</subfield></datafield><datafield ind1=" " ind2=" " tag="300"><subfield code="a">87 p</subfield></datafield><datafield ind1=" " ind2=" " tag="490"><subfield code="a">Sinteza Documentara</subfield></datafield><datafield ind1=" " ind2=" " tag="852"><subfield code="a">681.33:681.32</subfield></datafield><datafield ind1=" " ind2=" " tag="CAT"><subfield code="a">SYS</subfield><subfield code="c">20170208</subfield><subfield code="h">155355</subfield></datafield></record></collection>